<record xmlns="http://www.loc.gov/MARC21/slim" xmlns:xsi="http://www.w3.org/2001/XMLSchema-instance" xsi:schemaLocation="http://www.loc.gov/MARC21/slim http://www.loc.gov/standards/marcxml/schema/MARC21slim.xsd">

  <leader>00558nam a2200169Ia 4500</leader>
  <datafield ind2=" " tag="999" ind1=" ">
    <subfield code="c">1403</subfield>
    <subfield code="d">1403</subfield>
  </datafield>
  <controlfield tag="008">170808b1990    us ||||| |||| 00| | eng d</controlfield>
  <datafield ind2=" " ind1=" " tag="090">
    <subfield code="a">06.01.01 </subfield>
    <subfield code="b">536</subfield>
  </datafield>
  <datafield tag="100" ind1="1" ind2=" ">
    <subfield code="a">Keeves, J. P. </subfield>
    <subfield code="9">3049</subfield>
  </datafield>
  <datafield ind1="1" tag="245" ind2="0">
    <subfield code="a">Educational research methodology, and measurement : an international handbook/ </subfield>
    <subfield code="c">Keeves, J., P. </subfield>
  </datafield>
  <datafield tag="260" ind1=" " ind2=" ">
    <subfield code="a">New York, Estados Unidos : </subfield>
    <subfield code="b">Pergamon Press,</subfield>
    <subfield code="c">1990</subfield>
  </datafield>
  <datafield ind2=" " tag="300" ind1=" ">
    <subfield code="a">803 páginas</subfield>
  </datafield>
  <datafield tag="650" ind1="1" ind2="4">
    <subfield code="a">EDUCACIÓN</subfield>
    <subfield code="9">1</subfield>
  </datafield>
  <datafield tag="650" ind1="1" ind2="4">
    <subfield code="a">INVESTIGACIÓN EDUCATIVA</subfield>
    <subfield code="9">326</subfield>
  </datafield>
  <datafield ind2="4" tag="650" ind1="1">
    <subfield code="a">TEORÍA DE LA EDUCACIÓN</subfield>
    <subfield code="9">661</subfield>
  </datafield>
  <datafield ind2="4" ind1="1" tag="650">
    <subfield code="a">MANUALES </subfield>
    <subfield code="9">426</subfield>
  </datafield>
  <datafield ind1=" " tag="942" ind2=" ">
    <subfield code="2">z</subfield>
    <subfield code="c">01</subfield>
  </datafield>
</record>